% This is how an @Article should be cited (with commas and parenthesis where added):
% Author(s) name, Journal Name (using abbreviations) Volume Number (in Boldface), Starting page number, (year).

% This is how a @PhdThesis should be cited (with commas and parenthesis where added):
% Author name, type, school (year)


@Article{deBlok2008,
    author	= {W. J. G. de Blok and F. Walter and E. Brinks and C. Trachternach and S.-H. Oh and R. C. Kennicutt},
    journal = {A. J.},
    volume  = {136},
    pages    = {2648},
    year	= {2008}
}
@Article{Walter2008,
    author	= {F. Walter and E. Brinks and W. J. G. de Blok and F. Bigiel and R. C. Kennicutt and M. D. Thornley and A. Leroy},
    journal = {A. J.},
    volume  = {136},
    pages    = {2563},
    year	= {2008}
}
@Article{Leroy2008,
    author	= {A. K. Leroy and F. Walter and E. Brinks and F. Bigiel and W. J. G. de Blok and B. Madore and M. D. Thornley},
    journal = {A. J.},
    volume  = {136},
    pages    = {2782},
    year	= {2008}
}
@Article{Pasquali2008,
    author	= {A. Pasquali and A. Leroy and H.-W. Rix and F. Walter and T. Herbst and E. Giallongo and R. Ragazzoni and A. Baruffolo and R. Speziali and J. Hill and G. Beccari and N. Bouche and P. Buschkamp and C. Kochanek and E. Skillman and J. Bechtold},
    journal = {Ap. J.},
    year	= {2008},
    volume  = {687},
    pages    = {1004}
}
@Article{Wevers1986,
    author	= {B. M. H. R. Wevers and P. C. van der Kruit and R. J. Allen},
    journal = {A. A. Suppl. Ser.},
    year	= {1986},
    volume  = {66},
    pages    = {505},
}
@PhdThesis{Begeman1987,
    type    = {Ph. D. Dissertation},
    author	= {K. G. Begeman},
    school  = {Rijksuniversiteit Groningen},
    year	= {1987}
}
@Article{Simon2003,
    author	= {J. D. Simon and A. D. Bolatto and A. Leroy and L. Blitz},
    journal = {Ap. J.},
    year	= {2003},
    volume  = {596},
    pages    = {957},
}
@Article{Murphy2008,
    author	= {E. J. Murphy and G. Helou and J. D. P. Kenney and L. Armus and R. Braun},
    journal = {Ap. J.},
    year	= {2008},
    volume  = {678},
    pages    = {828},
}
@Article{Regan2006,
    author	= {M. W. Regan and M D. Thornley and S. N. Vogel and K. Sheth and B. T. Draine and D. J. Hollenbach and M. Meyer and D. A. Dale and C. W. Engelbracht and R. C. Kennicutt and L. Armus and B. Buckalew and D. Calzetti and K. D. Gordon and G. Helou and C. Leitherer and S. Malhotra and E. Murphy and G. H. Rieke and M. J. Rieke and J. D. Smith},
    journal = {Ap. J.},
    year	= {2006},
    volume  = {652},
    pages    = {1112},
}

@Article{Verheijen2001,
    author  = {M. A. W. Verheijen and R.  Sancisi},
    journal = {A. A.},
    volume  = {370},
    pages    = {766},
    year    = {2001},
}
@Article{Sanders1998,
    author  = {R. H. Sanders and M. A. W. Verheijen},
    journal = {Ap. J.},
    volume  = {503},
    pages    = {97},
    year    = {1998},
}
@Article{Tully1997a,
    author  = {R. B. Tully and M. A. W. Verheijen and M. J. Pierce and J.-S. Huang and R. J.  Wainscoat},
    journal = {A. J.},
    volume  = {112},
    pages    = {2471},
    year    = {1996},
}
@Article{Tully1997b,
    author  = {R. B. Tully and M. A. W. Verheijen},
    journal = {Ap. J.},
    volume  = {484},
    pages    = {145},
    year    = {1997},
}

@Article{McGaugh2001,
    author  = {S. S. McGaugh and V. C. Rubin and W. J. G. de Blok},
    journal = {A. J.},
    volume  = {122},
    pages    = {2381},
    year    = {2001},
}
@Article{Kuzio2008,
    author  = {R. Kuzio de Naray and S. S. McGaugh and  W. J. G. de Blok},
    journal = {Ap. J.},
    volume  = {676},
    pages    = {920},
    year    = {2008},
}
@Article{deBlok2002,
    author  = {W. J. G. de Blok and A. Bosma},
    journal = {A. A.},
    volume  = {385},
    pages    = {816},
    year    = {2002},
}
@Article{Stil2002,
    author  = {J. M. Stil and F. P. Israel},
    journal = {A. A.},
    volume  = {389},
    pages    = {29},
    year    = {2002},
}
@Article{Kuzio2006,
    author  = {R. Kuzio de Naray and S. S. McGaugh and W. J. G. de Blok and A. Bosma},
    journal = {Ap. J. Suppl. Ser.},
    volume  = {165},
    pages    = {461},
    year    = {2006},
}
@Article{deBlok1997,
    author  = {W. J. G. de Blok and S. S. McGaugh},
    journal = {Mon. Not. R. Astron. Soc.},
    volume  = {290},
    pages    = {533},
    year    = {1997},
}
@Article{deBlok1996,
    author  = {W. J. G. de Blok and S. S. McGaugh and J. M. van der Hulst},
    journal = {Mon. Not. R. Astron. Soc.},
    volume  = {283},
    pages    = {18},
    year    = {1996},
}
@Article{Fisher1981,
    author  = {J. R. Fisher and R. B. Tully},
    journal = {Ap. J. Suppl. Ser.},
    volume  = {47},
    pages    = {139},
    year    = {1981},
}
@Article{Esipov1991,
    author  = {V. F. Esipov and G. A. Kyazumov and A. R. Dzhafarov},
    journal = {Sov. Astr. (tr. Astron. Zh.)},
    volume  = {35},
    pages    = {452},
    year    = {1991},
}
@Article{Swaters2002a,
    author  = {R. A. Swaters and T. S. van Albada and J. M. van der Hulst and R. Sancisi},
    journal = {A. A.},
    volume  = {390},
    pages    = {829},
    year    = {2002},
}
@Article{Bieging1977,
    author  = {J. H. Bieging and P. Biermann},
    journal = {A. A.},
    volume  = {60},
    pages    = {361},
    year    = {1977},
}
@Article{Verheijen1999,
    author  = {M. A. W. Verheijen and  W. J. G. de Blok},
    journal = {As. Sp. Sc.},
    volume  = {269-270},
    pages    = {673},
    year    = {1999},
}
@Article{vanderHulst1993,
    author  = {J. M. van der Hulst and E. D. Skillman and T. R. Smith and G. D. Bothun and S. S. McGaugh and W. J. G. de Blok},
    journal = {A. J.},
    volume  = {106},
    pages    = {548},
    year    = {1993},
}
@Article{vanZee2000,
    author  = {L. van Zee},
    journal = {A. J.},
    volume  = {119},
    pages    = {2757},
    year    = {2000},
}
@Article{vanZee1997,
    author  = {L. van Zee and M. P. Haynes and J. J. Salzer and A. H. Broeils},
    journal = {A. J.},
    volume  = {113},
    pages    = {1618},
    year    = {1997},
}
@Article{Swaters2002b,
    author  = {R. A. Swaters and M. Balcells},
    journal = {A. A.},
    volume  = {390},
    pages    = {863},
    year    = {2002},
}
@Article{deJong1996,
    author  = {R. S. de Jong},
    journal = {A. A. Suppl. Ser.},
    volume  = {118},
    pages    = {557},
    year    = {1996},
}

@Article{deBlok2001,
    author  = {W. J. G. de Blok and S. S. McGaugh and V. C. Rubin},
    journal = {A. J.},
    volume  = {122},
    pages    = {2396},
    year    = {2001},
}
@Article{Beijersbergen1999,
    author  = {M. Beijersbergen and W. J. G. de Blok and J. M. van der Hulst},
    journal = {A. A.},
    volume  = {351},
    pages    = {903},
    year    = {1999},
}
@Article{Bell2000,
    author  = {E. F. Bell and D. Barnaby and R. G. Bower and R. S. de Jong and D. A. Harper and  M. Hereld and R. F. Loewenstein and B. J. Rauscher},
    journal = {Mon. Not. R. Astron. Soc.},
    volume  = {312},
    pages    = {470},
    year    = {2000},
}
@Article{Bazarra2001,
    author  = {F. D. Barazza and B. Binggeli and P. Prugniel},
    journal = {A. A.},
    volume  = {373},
    pages    = {12},
    year    = {2001},
}

@PhdThesis{Broeils1992,
    type    = {Ph. D. Dissertation},
    author  = {A. H. Broeils},
    school  = {Rijksuniversiteit Groningen},
    year    = {1992}
}
@Article{Lake1990,
    author  = {G. Lake and R. A. Schommer and J. H. van Gorkom},
    journal = {A. J.},
    volume  = {99},
    year    = {1990},
    pages    = {547}
}
@PhdThesis{Rhee1996,
    type    = {Ph. D. Dissertation},
    author  = {M.-H. Rhee},
    school  = {Rijksuniversiteit Groningen},
    year    = {1996}
}
@Article{Kent1987b,
    author  = {S. M. Kent},
    journal = {A. J.},
    volume  = {94},
    pages    = {306},
    year    = {1987}
}
@Article{Puche1991,
    author  = {D. Puche and C. Carignan and R. J. Wainscoat},
    journal = {A. J.},
    volume  = {101},
    pages    = {447},
    year    = {1991}
}
@Article{Carignan1990,
    author  = {C. Carignan and D. Puche},
    journal = {A. J.},
    volume  = {100},
    pages    = {641},
    year    = {1990}
}
@Article{Carignan1985a,
    author  = {C. Carignan},
    journal = {Ap. J. Suppl. Ser.},
    volume  = {58},
    pages    = {107},
    year    = {1985}
}
@Article{Puche1990,
    author  = {D. Puche and C. Carignan and A. Bosma},
    journal = {A. J.},
    volume  = {100},
    pages    = {1468},
    year    = {1990}
}
@Article{Kent1986,
    author  = {S. M. Kent},
    journal = {A. J.},
    volume  = {91},
    pages    = {1301},
    year    = {1986}
}
@Article{Broeils1991,
    author  = {A. H. Broeils and J. H. Knapen},
    journal = {A. A. Suppl. Ser.},
    volume  = {91},
    pages    = {469},
    year    = {1991}
}
@Article{Sanders1996,
    author  = {R. H. Sanders},
    journal = {Ap. J.},
    volume  = {473},
    pages    = {117},
    year    = {1996}
}
@Article{Casertano1991,
    author  = {S. Casertano and J. H. van Gorkom},
    journal = {A. J.},
    volume  = {101},
    pages    = {1231},
    year    = {1991}
}
@Article{Kent1985,
    author  = {S. M. Kent},
    journal = {Ap. J. Suppl. Ser.},
    volume  = {59},
    pages    = {115},
    year    = {1985}
}
@Article{Jobin1990,
    author  = {M. Jobin and C. Carrignan},
    journal = {A. J.},
    volume  = {100},
    pages    = {648},
    year    = {1990}
}
@Article{Carignan1985b,
    author  = {C. Carignan},
    journal = {Ap. J.},
    volume  = {299},
    pages    = {59},
    year    = {1985}
}
@Article{Cote1991,
    author  = {S. Cote and C. Carignan and R. Sancisi},
    journal = {A. J.},
    volume  = {102},
    pages    = {904},
    year    = {1991}
}
@Article{Barnaby1994,
    author  = {D. Barnaby and H. A. Thronson},
    journal = {A. J.},
    volume  = {107},
    pages    = {1717},
    year    = {1994}
}
@Article{Carignan1988,
    author  = {C. Carignan and R. Sancisi and T. S. van Albada},
    journal = {A. J.},
    volume  = {95},
    pages    = {37},
    year    = {1988}
}
@Article{Kent1987a,
    author  = {S. M. Kent},
    journal = {A. J.},
    volume  = {93},
    pages    = {816},
    year    = {1987}
}
@Article{Roelfsema1985,
    author  = {P. R. Roelfsema and R J. Allen},
    journal = {A. A.},
    volume  = {146},
    pages    = {213},
    year    = {1985}
}
@PhdThesis{Kim2007,
    type    = {Ph. D. Dissertation},
    author  = {J. H. Kim},
    school  = {University of Maryland},
    year    = {2007}
}
@Article{Lelli2010,
    author = {F. Lelli and F. Fraternali and R. Sancisi},
    journal = {A. A.},
    volume = {516}, 
    pages = {A11},
    year = {2010}
}
@Article{Pickering1997,
    author = {T. E. Pickering and C. D. Impey and J. H. van Gorkom and G. D. Bothun},
    journal = {A. J.},
    volume = {114}, 
    pages = {1858},
    year = {1997}
}